% Example 1
@article{muller2017beyond,
  title={{Beyond Crowd Judgments: Data-Driven Estimation of Market Value in Association Football}},
  author={M{\"u}ller, Oliver and Simons, Alexander and Weinmann, Markus},
  journal={European Journal of Operational Research},
  volume={263},
  number={2},
  pages={611--624},
  year={2017},
  publisher={Elsevier}
}

% Example 2
@article{debertoli2014comparing,
  title={{Comparing Business Intelligence and Big Data Skills}},
  author={Debertoli, Stefan and M{\"u}ller, Oliver and vom Brocke, Jan},
  journal={Business \& Information Systems Engineering},
  volume={6},
  number={5},
  pages={289--300},
  year={2014},
  publisher={Elsevier}
}